@Article{bauderon01a,
  author =       {M. Bauderon and S. Gruner and M. Mosbah},
  title =        {A New Tool for the Simulation And Visualization of Distributed Algorithms},
  journal =      {MFI'01},
  year =         2001,
  volume =       1,
  pages =        {165-177},
  month =        {mai},
  note =         {Toulouse, France}
}

@Misc{enseirb,
  note =       {http://www.enseirb.fr}
}

@Misc{labri,
  note =         {http://www.labri.fr}
}

@Article{bauderon01b,
  author =       {M. Bauderon and S. Gruner and Y. Métivier and M. Mosbah and A. Sellami},
  title =        {Visualization of Distributed Algorithms Based on Labeled Rewriting Systems},
  journal =      {Second International Workshop on Graph Transformation and Visual Modeling Techniques, ENTCS},
  year =         2001,
  volume =       50,
  number =       3,
  pages =        {229-239},
  month =        {juillet},
  note =         {Crete, Greece}
}



@Misc{visidiaLaBRI,
  note =         {http://www.labri.fr/projet/visidia}
}

@Misc{visidiaPFA,
  note =         {\url{http://visidia.berlios.de}}
}

@Book{agentBook,
  author =       {Peter Braun and Wilhelm Rossak},
  title =        {Mobile Agents: Basic Concepts, Mobility Models, and the Tracey Toolkit},
  publisher =    {Morgan Kaufmann Publishers},
  year =         2004
}

@Misc{wiki,
  note =         {\url{http://fr.wikipedia.org/wiki/Wiki}}
}

@Misc{SourceForge,
  note =         {\url{http://sourceforge.net}} 
}

@Misc{BerliOs,
  note =         {\url{http://www.berlios.de}} 
}

@Misc{subversion,
  note =         {\url{http://subversion.tigris.org/}} 
}
%note =         {\url{http://svnbook.red-bean.com/nightly/en/index.html}}

@Misc{viewcvs,
  note =         {\url{http://svn.berlios.de/viewcvs/visidia/}} 
}

@Misc{websvn,
  note =         {\url{http://svn.berlios.de/wsvn/visidia/}} 
}

@Misc{mailing-list,
  note =         {\url{https://lists.berlios.de/mailman/private/visidia-pfa/}}
}

%% Local Variables:
%% mode: bibtex
%% coding: latin-1
%% TeX-master: "main"
%% End: